@article{moments,
	author = {Ganesan G.M.},
	year = {2015},
	pages = {307-314},
	title = {Noise Detection in Images using Moments},
	journal = {Research Journal of Applied Sciences, Engineering and Technology}
}

@article{impact,
	author = {Голдобин И.А., Климова Е.И.},
	year = {2021},
	pages = {396-402},
	title = {Влияние шумов на алгоритмы цифровой обработки изображений},
	journal = {Актуальные вопросы развития современной цифровой среды},
}

@article{color_image,
	author = {Jianwei Wang},
	year = {2014},
	title = {A Noise Removal Algorithm of Color Image},
	journal = {TELKOMNIKA Indonesian Journal of Electrical Engineering}
}

@article{filterTechincs,
	author = {Abdalla Mohamed Hambal},
	year = {2017},
	pages = {2033-2037},
	title = {Image Noise Reduction and Filtering Techniques},
	journal = {International Journal of Science and Research (IJSR)},
}

@article{filterMethod,
	author = {Сергеев В.В., Гашников М.В., Мясников В.В.},
	year = {2010},
	month = {01},
	pages = {20-28},
	title = {ФИЛЬТРАЦИЯ ШУМОВ НА ИЗОБРАЖЕНИЯХ}
}

@article{deep_learning,
	author = {Pawar Ainapure},
	year = {2022},
	title = {Deep Learning Approach for the Detection of Noise Type in Ancient Images},
	journal = {Sustainability}
}

@article{denoising,
	author = {Rani S.C},
	year = {2022},
	pages = {8738-8744},
	title = {An Improved Denoising Algorithm for Removing Noise in Color Images},
	journal = {Engineering, Technology & Applied Science Research}
}

@article{causes,
	author = {П.В. Зотов},
	year = {2015},
	title = {Цифровой шум изображения и его прикладное значение в криминалистике},
	journal = {Вестник СГЮА}
}

@article{comparison,
	author = {Ootani S.Y, Iwahori R.H.},
	year = {2016},
	pages = {1112-1121},
	title = {Effectiveness Comparison of Visual and Semantic Features for Noise Image Removal},
	journal = {Procedia Computer Science}
}

@article{shum,
	author = {Hien Nguyen Thanh},
	year = {2022},
	pages = {71584-71597},
	journal = {IEEE Access},
	title = {Image Noise Removal Method Based on Thresholding and Regularization Techniques}
}

@article{inproceedings,
	author = {Ćeranić Š.T.},
	year = {2022},
	pages = {},
	journal = {IEEE Access},
	title = {Noise reduction quality test for two-photon laser scanning microscopic images}
}


@article{speckle,
	author = {Wenjie W.K},
	year = {2021},
	title = {Speckle noise removal based on structural convolutional neural networks with feature fusion for medical image},
	journal = {Signal Processing: Image Communication},
}

@article{speckle2,
	author = {Nao Siwei Yan},
	year = {2022},
	pages = {1-11},
	title = {Speckle Noise Removal Model Based on Diffusion Equation and Convolutional Neural Network},
	journal = {Computational Intelligence and Neuroscience}
}

@article{software,
	author = {Khushi H.W.},
	year = {2022},
	pages = {32-48},
	title = {Impulse Noise Removal Using Soft-computing},
	journal = {Lahore Garrison University Research Journal of Computer Science and Information Technology}
}

@article{nn1s,
	author = {Nguyen M.L.},
	year = {2021},
	title = {BoostNet: A Boosted Convolutional Neural Network for Image Blind Denoising},
	journal = {IEEE Access}
}

@article{speckle2,
	author = {Mu Jinming},
	year = {2019},
	title = {An enhanced high-order variational model based on speckle noise removal with G0 Distribution},
	journal = {IEEE Access}
}

@article{kodak,
	author = {Rabie, T.},
	year = {2005},
	title = {Adaptive Median Filtering of CCD Sensor Noise}
	journal = {IEEE Access}
}

@article{mix,
	author = {Xiangming H.W.},
	year = {2022},
	title = {An improved nonlocal means‐based correction strategy for mixed noise removal},
	journal = {IET Image Processing}
}

@article{color,
	author = {Bandyopadhyay A.},
	year = {2021},
	pages = {608-614},
	title = {High Density Impulse Noise Removal from Color Images by K-means Clustering based Detection and Least Manhattan Distance-oriented Removal Approach},
	journal = {International Journal of Advanced Computer Science and Applications},
}

@article{median,
	author = {Khan S.},
	year = {2017},
	title = {An adaptive dynamically weighted median filter for impulse noise removal},
	journal = {EURASIP Journal on Advances in Signal Processing},
}

@article{median2,
	author = {Kunsoth R., Biswas M.},
	year = {2016},
	pages = {1316-1319},
	title = {Modified decision based median filter for impulse noise removal}
	journal = {IEEE Access}
}

@article{bilateral,
	author = {Nabahat M.},
	year = {2022},
	title = {Optimization of bilateral filter parameters using a whale optimization algorithm},
	journal = {Research in Mathematics}
}

@article{dcnn,
	author = {Murali V.},
	year = {2020},
	pages = {847-859},
	title = {Image Denoising Using DnCNN: An Exploration Study},
	journal = {IEEE Access}
}

@article{neural,
	author = {Fujimoto M.},
	year = {2002},
	pages = {1301-1308},
	title = {Noise Removal for Degraded Images Using Neural Networks},
	journal = {IEEJ Transactions on Electronics, Information and Systems}
}

@article{dcnn2,
	author = {Zhang K.},
	title = {Beyond a Gaussian Denoiser: Residual Learning of Deep CNN for Image Denoising},
	journal = {IEEE Transactions on Image Processing}
}

@article{ridnet2,
	author = {Loubere N.},
	year = {2012},
	title = {RiDNet Practical Fieldwork Notes}
	journal = {IEEE Access}
}

@article{ridnet,
	author = {Li X.},
	year = {2019},
	pages = {3896-3903},
	title = {RIDNet: Recursive Information Distillation Network for Color Image Denoising},
}

@article{rs,
	author = {Nouman M.},
	year = {2022},
	pages = {93-122},
	title = {Evaluation of Image Super Resolution Deep Learning Technique based on PSNR Value},
}

@article{vs,
	author = {Setiadi D.M.},
	year = {2021},
	title = {PSNR vs SSIM: imperceptibility quality assessment for image steganography},
	journal = {Multimedia Tools and Applications},
}

@article{ssim,
	author = {Subramanian V.},
	year = {2021},
	title = {SSIM Compliant Modeling Framework With Denoising and Deblurring Applications},
	journal = {IEEE Transactions on Image Processing}
}